<?xml version="1.0" encoding="UTF-8"?><collection xmlns="http://www.loc.gov/MARC21/slim"><record><leader>00573nam--2200181-i-4500</leader><controlfield tag="001">000039771</controlfield><controlfield tag="002">20161230</controlfield><controlfield tag="005">20161230201042</controlfield><controlfield tag="008">060222s1000------------r-----000-0-fre-d</controlfield><datafield ind1=" " ind2=" " tag="040"><subfield code="a">IFIN-HH</subfield></datafield><datafield ind1=" " ind2=" " tag="041"><subfield code="a">fre</subfield></datafield><datafield ind1=" " ind2=" " tag="080"><subfield code="a">535.338.4(043):548(048)</subfield></datafield><datafield ind1="1" ind2=" " tag="100"><subfield code="a">Roziere, Jacques</subfield></datafield><datafield ind1="1" ind2="0" tag="245"><subfield code="a">Spectroscopie de vibration des hydrares du proton dans les cristaux. conditions de formation</subfield><subfield code="b">These</subfield><subfield code="c">Jacques roziere</subfield></datafield><datafield ind1=" " ind2=" " tag="260"><subfield code="a">Montpellier</subfield><subfield code="b">Unversity De Sciences Et Techniques Du Languedoc</subfield><subfield code="c">1973</subfield></datafield><datafield ind1=" " ind2=" " tag="300"><subfield code="a">150 P</subfield></datafield><datafield ind1=" " ind2=" " tag="852"><subfield code="a">40298</subfield><subfield code="c">535.33</subfield></datafield><datafield ind1=" " ind2=" " tag="CAT"><subfield code="a">Sys</subfield><subfield code="c">20101206</subfield><subfield code="h">135155</subfield></datafield></record></collection>